%YAML 1.1
%TAG !u! tag:unity3d.com,2011:
--- !u!29 &1
SceneSettings:
  m_ObjectHideFlags: 0
  m_PVSData: 
  m_PVSObjectsArray: []
  m_PVSPortalsArray: []
  m_OcclusionBakeSettings:
    smallestOccluder: 5
    smallestHole: .25
    backfaceThreshold: 100
--- !u!104 &2
RenderSettings:
  m_Fog: 0
  m_FogColor: {r: .5, g: .5, b: .5, a: 1}
  m_FogMode: 3
  m_FogDensity: .00999999978
  m_LinearFogStart: 0
  m_LinearFogEnd: 300
  m_AmbientLight: {r: .200000003, g: .200000003, b: .200000003, a: 1}
  m_SkyboxMaterial: {fileID: 0}
  m_HaloStrength: .5
  m_FlareStrength: 1
  m_FlareFadeSpeed: 3
  m_HaloTexture: {fileID: 0}
  m_SpotCookie: {fileID: 0}
  m_ObjectHideFlags: 0
--- !u!127 &3
LevelGameManager:
  m_ObjectHideFlags: 0
--- !u!157 &4
LightmapSettings:
  m_ObjectHideFlags: 0
  m_LightProbes: {fileID: 0}
  m_Lightmaps: []
  m_LightmapsMode: 1
  m_BakedColorSpace: 0
  m_UseDualLightmapsInForward: 0
  m_LightmapEditorSettings:
    m_Resolution: 50
    m_LastUsedResolution: 0
    m_TextureWidth: 1024
    m_TextureHeight: 1024
    m_BounceBoost: 1
    m_BounceIntensity: 1
    m_SkyLightColor: {r: .860000014, g: .930000007, b: 1, a: 1}
    m_SkyLightIntensity: 0
    m_Quality: 0
    m_Bounces: 1
    m_FinalGatherRays: 1000
    m_FinalGatherContrastThreshold: .0500000007
    m_FinalGatherGradientThreshold: 0
    m_FinalGatherInterpolationPoints: 15
    m_AOAmount: 0
    m_AOMaxDistance: .100000001
    m_AOContrast: 1
    m_LODSurfaceMappingDistance: 1
    m_Padding: 0
    m_TextureCompression: 0
    m_LockAtlas: 0
--- !u!196 &5
NavMeshSettings:
  m_ObjectHideFlags: 0
  m_BuildSettings:
    agentRadius: .5
    agentHeight: 2
    agentSlope: 45
    agentClimb: .400000006
    ledgeDropHeight: 0
    maxJumpAcrossDistance: 0
    accuratePlacement: 0
    minRegionArea: 2
    widthInaccuracy: 16.666666
    heightInaccuracy: 10
  m_NavMesh: {fileID: 0}
--- !u!1 &143491935
GameObject:
  m_ObjectHideFlags: 0
  m_PrefabParentObject: {fileID: 161224, guid: 7c18aaf939ddc9f40863ba05230214c5, type: 2}
  m_PrefabInternal: {fileID: 174797781}
  serializedVersion: 4
  m_Component:
  - 224: {fileID: 143491936}
  - 222: {fileID: 143491938}
  - 114: {fileID: 143491937}
  m_Layer: 5
  m_Name: Text
  m_TagString: Untagged
  m_Icon: {fileID: 0}
  m_NavMeshLayer: 0
  m_StaticEditorFlags: 0
  m_IsActive: 1
--- !u!224 &143491936
RectTransform:
  m_ObjectHideFlags: 0
  m_PrefabParentObject: {fileID: 22461224, guid: 7c18aaf939ddc9f40863ba05230214c5,
    type: 2}
  m_PrefabInternal: {fileID: 174797781}
  m_GameObject: {fileID: 143491935}
  m_LocalRotation: {x: 0, y: 0, z: 0, w: 1}
  m_LocalPosition: {x: 0, y: 0, z: 0}
  m_LocalScale: {x: 1, y: 1, z: 1}
  m_Children: []
  m_Father: {fileID: 162899779}
  m_RootOrder: 0
  m_AnchorMin: {x: 0, y: 0}
  m_AnchorMax: {x: 1, y: 1}
  m_AnchoredPosition: {x: 0, y: 0}
  m_SizeDelta: {x: 0, y: 0}
  m_Pivot: {x: .5, y: .5}
--- !u!114 &143491937
MonoBehaviour:
  m_ObjectHideFlags: 0
  m_PrefabParentObject: {fileID: 11461224, guid: 7c18aaf939ddc9f40863ba05230214c5,
    type: 2}
  m_PrefabInternal: {fileID: 174797781}
  m_GameObject: {fileID: 143491935}
  m_Enabled: 1
  m_EditorHideFlags: 0
  m_Script: {fileID: 708705254, guid: f5f67c52d1564df4a8936ccd202a3bd8, type: 3}
  m_Name: 
  m_EditorClassIdentifier: 
  m_Material: {fileID: 0}
  m_Color: {r: .195999995, g: .195999995, b: .195999995, a: 1}
  m_FontData:
    m_Font: {fileID: 12800000, guid: 5b9bbaf7aa2ef1a4eb10cbb299006c9d, type: 3}
    m_FontSize: 14
    m_FontStyle: 0
    m_BestFit: 0
    m_MinSize: 10
    m_MaxSize: 40
    m_Alignment: 4
    m_RichText: 1
    m_HorizontalOverflow: 0
    m_VerticalOverflow: 0
    m_LineSpacing: 1
  m_Text: Quitter le jeu
--- !u!222 &143491938
CanvasRenderer:
  m_ObjectHideFlags: 0
  m_PrefabParentObject: {fileID: 22261224, guid: 7c18aaf939ddc9f40863ba05230214c5,
    type: 2}
  m_PrefabInternal: {fileID: 174797781}
  m_GameObject: {fileID: 143491935}
--- !u!1 &162899778
GameObject:
  m_ObjectHideFlags: 0
  m_PrefabParentObject: {fileID: 161226, guid: 7c18aaf939ddc9f40863ba05230214c5, type: 2}
  m_PrefabInternal: {fileID: 174797781}
  serializedVersion: 4
  m_Component:
  - 224: {fileID: 162899779}
  - 222: {fileID: 162899782}
  - 114: {fileID: 162899781}
  - 114: {fileID: 162899780}
  m_Layer: 5
  m_Name: btn_quit
  m_TagString: Untagged
  m_Icon: {fileID: 0}
  m_NavMeshLayer: 0
  m_StaticEditorFlags: 0
  m_IsActive: 1
--- !u!224 &162899779
RectTransform:
  m_ObjectHideFlags: 0
  m_PrefabParentObject: {fileID: 22461226, guid: 7c18aaf939ddc9f40863ba05230214c5,
    type: 2}
  m_PrefabInternal: {fileID: 174797781}
  m_GameObject: {fileID: 162899778}
  m_LocalRotation: {x: 0, y: 0, z: 0, w: 1}
  m_LocalPosition: {x: 0, y: 0, z: 0}
  m_LocalScale: {x: 1, y: 1, z: 1}
  m_Children:
  - {fileID: 143491936}
  m_Father: {fileID: 1859316524}
  m_RootOrder: 6
  m_AnchorMin: {x: .5, y: .5}
  m_AnchorMax: {x: .5, y: .5}
  m_AnchoredPosition: {x: 0, y: -100}
  m_SizeDelta: {x: 160, y: 30}
  m_Pivot: {x: .5, y: .5}
--- !u!114 &162899780
MonoBehaviour:
  m_ObjectHideFlags: 0
  m_PrefabParentObject: {fileID: 11461226, guid: 7c18aaf939ddc9f40863ba05230214c5,
    type: 2}
  m_PrefabInternal: {fileID: 174797781}
  m_GameObject: {fileID: 162899778}
  m_Enabled: 1
  m_EditorHideFlags: 0
  m_Script: {fileID: 1392445389, guid: f5f67c52d1564df4a8936ccd202a3bd8, type: 3}
  m_Name: 
  m_EditorClassIdentifier: 
  m_Navigation:
    m_Mode: 3
    m_SelectOnUp: {fileID: 0}
    m_SelectOnDown: {fileID: 0}
    m_SelectOnLeft: {fileID: 0}
    m_SelectOnRight: {fileID: 0}
  m_Transition: 1
  m_Colors:
    m_NormalColor: {r: 1, g: 1, b: 1, a: 1}
    m_HighlightedColor: {r: .960784316, g: .960784316, b: .960784316, a: 1}
    m_PressedColor: {r: .784313738, g: .784313738, b: .784313738, a: 1}
    m_DisabledColor: {r: .784313738, g: .784313738, b: .784313738, a: .501960814}
    m_ColorMultiplier: 1
    m_FadeDuration: .100000001
  m_SpriteState:
    m_HighlightedSprite: {fileID: 0}
    m_PressedSprite: {fileID: 0}
    m_DisabledSprite: {fileID: 0}
  m_AnimationTriggers:
    m_NormalTrigger: Normal
    m_HighlightedTrigger: Highlighted
    m_PressedTrigger: Pressed
    m_DisabledTrigger: Disabled
  m_Interactable: 1
  m_TargetGraphic: {fileID: 162899781}
  m_OnClick:
    m_PersistentCalls:
      m_Calls: []
    m_TypeName: UnityEngine.UI.Button+ButtonClickedEvent, UnityEngine.UI, Version=1.0.0.0,
      Culture=neutral, PublicKeyToken=null
--- !u!114 &162899781
MonoBehaviour:
  m_ObjectHideFlags: 0
  m_PrefabParentObject: {fileID: 11461228, guid: 7c18aaf939ddc9f40863ba05230214c5,
    type: 2}
  m_PrefabInternal: {fileID: 174797781}
  m_GameObject: {fileID: 162899778}
  m_Enabled: 1
  m_EditorHideFlags: 0
  m_Script: {fileID: -765806418, guid: f5f67c52d1564df4a8936ccd202a3bd8, type: 3}
  m_Name: 
  m_EditorClassIdentifier: 
  m_Material: {fileID: 0}
  m_Color: {r: 1, g: 1, b: 1, a: 1}
  m_Sprite: {fileID: 10905, guid: 0000000000000000f000000000000000, type: 0}
  m_Type: 1
  m_PreserveAspect: 0
  m_FillCenter: 1
  m_FillMethod: 4
  m_FillAmount: 1
  m_FillClockwise: 1
  m_FillOrigin: 0
--- !u!222 &162899782
CanvasRenderer:
  m_ObjectHideFlags: 0
  m_PrefabParentObject: {fileID: 22261226, guid: 7c18aaf939ddc9f40863ba05230214c5,
    type: 2}
  m_PrefabInternal: {fileID: 174797781}
  m_GameObject: {fileID: 162899778}
--- !u!1001 &174797781
Prefab:
  m_ObjectHideFlags: 0
  serializedVersion: 2
  m_Modification:
    m_TransformParent: {fileID: 0}
    m_Modifications:
    - target: {fileID: 22461244, guid: 7c18aaf939ddc9f40863ba05230214c5, type: 2}
      propertyPath: m_LocalPosition.x
      value: 0
      objectReference: {fileID: 0}
    - target: {fileID: 22461244, guid: 7c18aaf939ddc9f40863ba05230214c5, type: 2}
      propertyPath: m_LocalPosition.y
      value: 0
      objectReference: {fileID: 0}
    - target: {fileID: 22461244, guid: 7c18aaf939ddc9f40863ba05230214c5, type: 2}
      propertyPath: m_LocalPosition.z
      value: 0
      objectReference: {fileID: 0}
    - target: {fileID: 22461244, guid: 7c18aaf939ddc9f40863ba05230214c5, type: 2}
      propertyPath: m_LocalRotation.x
      value: 0
      objectReference: {fileID: 0}
    - target: {fileID: 22461244, guid: 7c18aaf939ddc9f40863ba05230214c5, type: 2}
      propertyPath: m_LocalRotation.y
      value: 0
      objectReference: {fileID: 0}
    - target: {fileID: 22461244, guid: 7c18aaf939ddc9f40863ba05230214c5, type: 2}
      propertyPath: m_LocalRotation.z
      value: 0
      objectReference: {fileID: 0}
    - target: {fileID: 22461244, guid: 7c18aaf939ddc9f40863ba05230214c5, type: 2}
      propertyPath: m_LocalRotation.w
      value: 1
      objectReference: {fileID: 0}
    - target: {fileID: 22461244, guid: 7c18aaf939ddc9f40863ba05230214c5, type: 2}
      propertyPath: m_RootOrder
      value: 5
      objectReference: {fileID: 0}
    - target: {fileID: 22461244, guid: 7c18aaf939ddc9f40863ba05230214c5, type: 2}
      propertyPath: m_AnchoredPosition.x
      value: 0
      objectReference: {fileID: 0}
    - target: {fileID: 22461244, guid: 7c18aaf939ddc9f40863ba05230214c5, type: 2}
      propertyPath: m_AnchoredPosition.y
      value: 0
      objectReference: {fileID: 0}
    - target: {fileID: 22461244, guid: 7c18aaf939ddc9f40863ba05230214c5, type: 2}
      propertyPath: m_SizeDelta.x
      value: 0
      objectReference: {fileID: 0}
    - target: {fileID: 22461244, guid: 7c18aaf939ddc9f40863ba05230214c5, type: 2}
      propertyPath: m_SizeDelta.y
      value: 0
      objectReference: {fileID: 0}
    - target: {fileID: 22461244, guid: 7c18aaf939ddc9f40863ba05230214c5, type: 2}
      propertyPath: m_AnchorMin.x
      value: 0
      objectReference: {fileID: 0}
    - target: {fileID: 22461244, guid: 7c18aaf939ddc9f40863ba05230214c5, type: 2}
      propertyPath: m_AnchorMin.y
      value: 0
      objectReference: {fileID: 0}
    - target: {fileID: 22461244, guid: 7c18aaf939ddc9f40863ba05230214c5, type: 2}
      propertyPath: m_AnchorMax.x
      value: 0
      objectReference: {fileID: 0}
    - target: {fileID: 22461244, guid: 7c18aaf939ddc9f40863ba05230214c5, type: 2}
      propertyPath: m_AnchorMax.y
      value: 0
      objectReference: {fileID: 0}
    - target: {fileID: 22461244, guid: 7c18aaf939ddc9f40863ba05230214c5, type: 2}
      propertyPath: m_Pivot.x
      value: 0
      objectReference: {fileID: 0}
    - target: {fileID: 22461244, guid: 7c18aaf939ddc9f40863ba05230214c5, type: 2}
      propertyPath: m_Pivot.y
      value: 0
      objectReference: {fileID: 0}
    - target: {fileID: 11461230, guid: 7c18aaf939ddc9f40863ba05230214c5, type: 2}
      propertyPath: m_OnClick.m_PersistentCalls.m_Calls.Array.data[0].m_Target
      value: 
      objectReference: {fileID: 1833322191}
    - target: {fileID: 11461238, guid: 7c18aaf939ddc9f40863ba05230214c5, type: 2}
      propertyPath: m_OnClick.m_PersistentCalls.m_Calls.Array.data[0].m_Target
      value: 
      objectReference: {fileID: 1833322191}
    m_RemovedComponents: []
  m_ParentPrefab: {fileID: 100100000, guid: 7c18aaf939ddc9f40863ba05230214c5, type: 2}
  m_RootGameObject: {fileID: 1859316523}
  m_IsPrefabParent: 0
  m_IsExploded: 1
--- !u!1 &176767389
GameObject:
  m_ObjectHideFlags: 0
  m_PrefabParentObject: {fileID: 161228, guid: 7c18aaf939ddc9f40863ba05230214c5, type: 2}
  m_PrefabInternal: {fileID: 174797781}
  serializedVersion: 4
  m_Component:
  - 224: {fileID: 176767390}
  - 222: {fileID: 176767393}
  - 114: {fileID: 176767392}
  - 114: {fileID: 176767391}
  m_Layer: 5
  m_Name: btn_continue
  m_TagString: Untagged
  m_Icon: {fileID: 0}
  m_NavMeshLayer: 0
  m_StaticEditorFlags: 0
  m_IsActive: 1
--- !u!224 &176767390
RectTransform:
  m_ObjectHideFlags: 0
  m_PrefabParentObject: {fileID: 22461228, guid: 7c18aaf939ddc9f40863ba05230214c5,
    type: 2}
  m_PrefabInternal: {fileID: 174797781}
  m_GameObject: {fileID: 176767389}
  m_LocalRotation: {x: 0, y: 0, z: 0, w: 1}
  m_LocalPosition: {x: 0, y: 0, z: 0}
  m_LocalScale: {x: 1, y: 1, z: 1}
  m_Children:
  - {fileID: 1084848081}
  m_Father: {fileID: 1859316524}
  m_RootOrder: 2
  m_AnchorMin: {x: .5, y: .5}
  m_AnchorMax: {x: .5, y: .5}
  m_AnchoredPosition: {x: 0, y: 60}
  m_SizeDelta: {x: 160, y: 30}
  m_Pivot: {x: .5, y: .5}
--- !u!114 &176767391
MonoBehaviour:
  m_ObjectHideFlags: 0
  m_PrefabParentObject: {fileID: 11461230, guid: 7c18aaf939ddc9f40863ba05230214c5,
    type: 2}
  m_PrefabInternal: {fileID: 174797781}
  m_GameObject: {fileID: 176767389}
  m_Enabled: 1
  m_EditorHideFlags: 0
  m_Script: {fileID: 1392445389, guid: f5f67c52d1564df4a8936ccd202a3bd8, type: 3}
  m_Name: 
  m_EditorClassIdentifier: 
  m_Navigation:
    m_Mode: 3
    m_SelectOnUp: {fileID: 0}
    m_SelectOnDown: {fileID: 0}
    m_SelectOnLeft: {fileID: 0}
    m_SelectOnRight: {fileID: 0}
  m_Transition: 1
  m_Colors:
    m_NormalColor: {r: 1, g: 1, b: 1, a: 1}
    m_HighlightedColor: {r: .960784316, g: .960784316, b: .960784316, a: 1}
    m_PressedColor: {r: .784313738, g: .784313738, b: .784313738, a: 1}
    m_DisabledColor: {r: .784313738, g: .784313738, b: .784313738, a: .501960814}
    m_ColorMultiplier: 1
    m_FadeDuration: .100000001
  m_SpriteState:
    m_HighlightedSprite: {fileID: 0}
    m_PressedSprite: {fileID: 0}
    m_DisabledSprite: {fileID: 0}
  m_AnimationTriggers:
    m_NormalTrigger: Normal
    m_HighlightedTrigger: Highlighted
    m_PressedTrigger: Pressed
    m_DisabledTrigger: Disabled
  m_Interactable: 1
  m_TargetGraphic: {fileID: 176767392}
  m_OnClick:
    m_PersistentCalls:
      m_Calls:
      - m_Target: {fileID: 1833322191}
        m_MethodName: resumeGame
        m_Mode: 1
        m_Arguments:
          m_ObjectArgument: {fileID: 0}
          m_ObjectArgumentAssemblyTypeName: UnityEngine.Object, UnityEngine, Version=0.0.0.0,
            Culture=neutral, PublicKeyToken=null
          m_IntArgument: 0
          m_FloatArgument: 0
          m_StringArgument: 
          m_BoolArgument: 0
        m_CallState: 2
    m_TypeName: UnityEngine.UI.Button+ButtonClickedEvent, UnityEngine.UI, Version=1.0.0.0,
      Culture=neutral, PublicKeyToken=null
--- !u!114 &176767392
MonoBehaviour:
  m_ObjectHideFlags: 0
  m_PrefabParentObject: {fileID: 11461232, guid: 7c18aaf939ddc9f40863ba05230214c5,
    type: 2}
  m_PrefabInternal: {fileID: 174797781}
  m_GameObject: {fileID: 176767389}
  m_Enabled: 1
  m_EditorHideFlags: 0
  m_Script: {fileID: -765806418, guid: f5f67c52d1564df4a8936ccd202a3bd8, type: 3}
  m_Name: 
  m_EditorClassIdentifier: 
  m_Material: {fileID: 0}
  m_Color: {r: 1, g: 1, b: 1, a: 1}
  m_Sprite: {fileID: 10905, guid: 0000000000000000f000000000000000, type: 0}
  m_Type: 1
  m_PreserveAspect: 0
  m_FillCenter: 1
  m_FillMethod: 4
  m_FillAmount: 1
  m_FillClockwise: 1
  m_FillOrigin: 0
--- !u!222 &176767393
CanvasRenderer:
  m_ObjectHideFlags: 0
  m_PrefabParentObject: {fileID: 22261228, guid: 7c18aaf939ddc9f40863ba05230214c5,
    type: 2}
  m_PrefabInternal: {fileID: 174797781}
  m_GameObject: {fileID: 176767389}
--- !u!1 &181478053
GameObject:
  m_ObjectHideFlags: 0
  m_PrefabParentObject: {fileID: 161230, guid: 7c18aaf939ddc9f40863ba05230214c5, type: 2}
  m_PrefabInternal: {fileID: 174797781}
  serializedVersion: 4
  m_Component:
  - 224: {fileID: 181478057}
  - 222: {fileID: 181478056}
  - 114: {fileID: 181478055}
  - 114: {fileID: 181478054}
  m_Layer: 5
  m_Name: btn_save
  m_TagString: Untagged
  m_Icon: {fileID: 0}
  m_NavMeshLayer: 0
  m_StaticEditorFlags: 0
  m_IsActive: 1
--- !u!114 &181478054
MonoBehaviour:
  m_ObjectHideFlags: 0
  m_PrefabParentObject: {fileID: 11461234, guid: 7c18aaf939ddc9f40863ba05230214c5,
    type: 2}
  m_PrefabInternal: {fileID: 174797781}
  m_GameObject: {fileID: 181478053}
  m_Enabled: 1
  m_EditorHideFlags: 0
  m_Script: {fileID: 1392445389, guid: f5f67c52d1564df4a8936ccd202a3bd8, type: 3}
  m_Name: 
  m_EditorClassIdentifier: 
  m_Navigation:
    m_Mode: 3
    m_SelectOnUp: {fileID: 0}
    m_SelectOnDown: {fileID: 0}
    m_SelectOnLeft: {fileID: 0}
    m_SelectOnRight: {fileID: 0}
  m_Transition: 1
  m_Colors:
    m_NormalColor: {r: 1, g: 1, b: 1, a: 1}
    m_HighlightedColor: {r: .960784316, g: .960784316, b: .960784316, a: 1}
    m_PressedColor: {r: .784313738, g: .784313738, b: .784313738, a: 1}
    m_DisabledColor: {r: .784313738, g: .784313738, b: .784313738, a: .501960814}
    m_ColorMultiplier: 1
    m_FadeDuration: .100000001
  m_SpriteState:
    m_HighlightedSprite: {fileID: 0}
    m_PressedSprite: {fileID: 0}
    m_DisabledSprite: {fileID: 0}
  m_AnimationTriggers:
    m_NormalTrigger: Normal
    m_HighlightedTrigger: Highlighted
    m_PressedTrigger: Pressed
    m_DisabledTrigger: Disabled
  m_Interactable: 1
  m_TargetGraphic: {fileID: 181478055}
  m_OnClick:
    m_PersistentCalls:
      m_Calls: []
    m_TypeName: UnityEngine.UI.Button+ButtonClickedEvent, UnityEngine.UI, Version=1.0.0.0,
      Culture=neutral, PublicKeyToken=null
--- !u!114 &181478055
MonoBehaviour:
  m_ObjectHideFlags: 0
  m_PrefabParentObject: {fileID: 11461236, guid: 7c18aaf939ddc9f40863ba05230214c5,
    type: 2}
  m_PrefabInternal: {fileID: 174797781}
  m_GameObject: {fileID: 181478053}
  m_Enabled: 1
  m_EditorHideFlags: 0
  m_Script: {fileID: -765806418, guid: f5f67c52d1564df4a8936ccd202a3bd8, type: 3}
  m_Name: 
  m_EditorClassIdentifier: 
  m_Material: {fileID: 0}
  m_Color: {r: 1, g: 1, b: 1, a: 1}
  m_Sprite: {fileID: 10905, guid: 0000000000000000f000000000000000, type: 0}
  m_Type: 1
  m_PreserveAspect: 0
  m_FillCenter: 1
  m_FillMethod: 4
  m_FillAmount: 1
  m_FillClockwise: 1
  m_FillOrigin: 0
--- !u!222 &181478056
CanvasRenderer:
  m_ObjectHideFlags: 0
  m_PrefabParentObject: {fileID: 22261230, guid: 7c18aaf939ddc9f40863ba05230214c5,
    type: 2}
  m_PrefabInternal: {fileID: 174797781}
  m_GameObject: {fileID: 181478053}
--- !u!224 &181478057
RectTransform:
  m_ObjectHideFlags: 0
  m_PrefabParentObject: {fileID: 22461230, guid: 7c18aaf939ddc9f40863ba05230214c5,
    type: 2}
  m_PrefabInternal: {fileID: 174797781}
  m_GameObject: {fileID: 181478053}
  m_LocalRotation: {x: 0, y: 0, z: 0, w: 1}
  m_LocalPosition: {x: 0, y: 0, z: 0}
  m_LocalScale: {x: 1, y: 1, z: 1}
  m_Children:
  - {fileID: 1302688261}
  m_Father: {fileID: 1859316524}
  m_RootOrder: 4
  m_AnchorMin: {x: .5, y: .5}
  m_AnchorMax: {x: .5, y: .5}
  m_AnchoredPosition: {x: 0, y: -20}
  m_SizeDelta: {x: 160, y: 30}
  m_Pivot: {x: .5, y: .5}
--- !u!1 &197811337
GameObject:
  m_ObjectHideFlags: 0
  m_PrefabParentObject: {fileID: 161232, guid: 7c18aaf939ddc9f40863ba05230214c5, type: 2}
  m_PrefabInternal: {fileID: 174797781}
  serializedVersion: 4
  m_Component:
  - 224: {fileID: 197811338}
  - 222: {fileID: 197811341}
  - 114: {fileID: 197811340}
  - 114: {fileID: 197811339}
  m_Layer: 5
  m_Name: btn_quit_to_main_menu
  m_TagString: Untagged
  m_Icon: {fileID: 0}
  m_NavMeshLayer: 0
  m_StaticEditorFlags: 0
  m_IsActive: 1
--- !u!224 &197811338
RectTransform:
  m_ObjectHideFlags: 0
  m_PrefabParentObject: {fileID: 22461232, guid: 7c18aaf939ddc9f40863ba05230214c5,
    type: 2}
  m_PrefabInternal: {fileID: 174797781}
  m_GameObject: {fileID: 197811337}
  m_LocalRotation: {x: 0, y: 0, z: 0, w: 1}
  m_LocalPosition: {x: 0, y: 0, z: 0}
  m_LocalScale: {x: 1, y: 1, z: 1}
  m_Children:
  - {fileID: 1860101401}
  m_Father: {fileID: 1859316524}
  m_RootOrder: 5
  m_AnchorMin: {x: .5, y: .5}
  m_AnchorMax: {x: .5, y: .5}
  m_AnchoredPosition: {x: 0, y: -60}
  m_SizeDelta: {x: 160, y: 30}
  m_Pivot: {x: .5, y: .5}
--- !u!114 &197811339
MonoBehaviour:
  m_ObjectHideFlags: 0
  m_PrefabParentObject: {fileID: 11461238, guid: 7c18aaf939ddc9f40863ba05230214c5,
    type: 2}
  m_PrefabInternal: {fileID: 174797781}
  m_GameObject: {fileID: 197811337}
  m_Enabled: 1
  m_EditorHideFlags: 0
  m_Script: {fileID: 1392445389, guid: f5f67c52d1564df4a8936ccd202a3bd8, type: 3}
  m_Name: 
  m_EditorClassIdentifier: 
  m_Navigation:
    m_Mode: 3
    m_SelectOnUp: {fileID: 0}
    m_SelectOnDown: {fileID: 0}
    m_SelectOnLeft: {fileID: 0}
    m_SelectOnRight: {fileID: 0}
  m_Transition: 1
  m_Colors:
    m_NormalColor: {r: 1, g: 1, b: 1, a: 1}
    m_HighlightedColor: {r: .960784316, g: .960784316, b: .960784316, a: 1}
    m_PressedColor: {r: .784313738, g: .784313738, b: .784313738, a: 1}
    m_DisabledColor: {r: .784313738, g: .784313738, b: .784313738, a: .501960814}
    m_ColorMultiplier: 1
    m_FadeDuration: .100000001
  m_SpriteState:
    m_HighlightedSprite: {fileID: 0}
    m_PressedSprite: {fileID: 0}
    m_DisabledSprite: {fileID: 0}
  m_AnimationTriggers:
    m_NormalTrigger: Normal
    m_HighlightedTrigger: Highlighted
    m_PressedTrigger: Pressed
    m_DisabledTrigger: Disabled
  m_Interactable: 1
  m_TargetGraphic: {fileID: 197811340}
  m_OnClick:
    m_PersistentCalls:
      m_Calls:
      - m_Target: {fileID: 1833322191}
        m_MethodName: goToMainMenu
        m_Mode: 1
        m_Arguments:
          m_ObjectArgument: {fileID: 0}
          m_ObjectArgumentAssemblyTypeName: UnityEngine.Object, UnityEngine, Version=0.0.0.0,
            Culture=neutral, PublicKeyToken=null
          m_IntArgument: 0
          m_FloatArgument: 0
          m_StringArgument: 
          m_BoolArgument: 0
        m_CallState: 2
    m_TypeName: UnityEngine.UI.Button+ButtonClickedEvent, UnityEngine.UI, Version=1.0.0.0,
      Culture=neutral, PublicKeyToken=null
--- !u!114 &197811340
MonoBehaviour:
  m_ObjectHideFlags: 0
  m_PrefabParentObject: {fileID: 11461240, guid: 7c18aaf939ddc9f40863ba05230214c5,
    type: 2}
  m_PrefabInternal: {fileID: 174797781}
  m_GameObject: {fileID: 197811337}
  m_Enabled: 1
  m_EditorHideFlags: 0
  m_Script: {fileID: -765806418, guid: f5f67c52d1564df4a8936ccd202a3bd8, type: 3}
  m_Name: 
  m_EditorClassIdentifier: 
  m_Material: {fileID: 0}
  m_Color: {r: 1, g: 1, b: 1, a: 1}
  m_Sprite: {fileID: 10905, guid: 0000000000000000f000000000000000, type: 0}
  m_Type: 1
  m_PreserveAspect: 0
  m_FillCenter: 1
  m_FillMethod: 4
  m_FillAmount: 1
  m_FillClockwise: 1
  m_FillOrigin: 0
--- !u!222 &197811341
CanvasRenderer:
  m_ObjectHideFlags: 0
  m_PrefabParentObject: {fileID: 22261232, guid: 7c18aaf939ddc9f40863ba05230214c5,
    type: 2}
  m_PrefabInternal: {fileID: 174797781}
  m_GameObject: {fileID: 197811337}
--- !u!1001 &201967578
Prefab:
  m_ObjectHideFlags: 0
  serializedVersion: 2
  m_Modification:
    m_TransformParent: {fileID: 356241553}
    m_Modifications:
    - target: {fileID: 400000, guid: 8e16f0414e9787e4e80f5bce919577ba, type: 2}
      propertyPath: m_LocalPosition.x
      value: 0
      objectReference: {fileID: 0}
    - target: {fileID: 400000, guid: 8e16f0414e9787e4e80f5bce919577ba, type: 2}
      propertyPath: m_LocalPosition.y
      value: 1
      objectReference: {fileID: 0}
    - target: {fileID: 400000, guid: 8e16f0414e9787e4e80f5bce919577ba, type: 2}
      propertyPath: m_LocalPosition.z
      value: 0
      objectReference: {fileID: 0}
    - target: {fileID: 400000, guid: 8e16f0414e9787e4e80f5bce919577ba, type: 2}
      propertyPath: m_LocalRotation.x
      value: 0
      objectReference: {fileID: 0}
    - target: {fileID: 400000, guid: 8e16f0414e9787e4e80f5bce919577ba, type: 2}
      propertyPath: m_LocalRotation.y
      value: 1
      objectReference: {fileID: 0}
    - target: {fileID: 400000, guid: 8e16f0414e9787e4e80f5bce919577ba, type: 2}
      propertyPath: m_LocalRotation.z
      value: 0
      objectReference: {fileID: 0}
    - target: {fileID: 400000, guid: 8e16f0414e9787e4e80f5bce919577ba, type: 2}
      propertyPath: m_LocalRotation.w
      value: -4.37113883e-08
      objectReference: {fileID: 0}
    - target: {fileID: 400000, guid: 8e16f0414e9787e4e80f5bce919577ba, type: 2}
      propertyPath: m_RootOrder
      value: 0
      objectReference: {fileID: 0}
    m_RemovedComponents: []
  m_ParentPrefab: {fileID: 100100000, guid: 8e16f0414e9787e4e80f5bce919577ba, type: 2}
  m_RootGameObject: {fileID: 1802073018}
  m_IsPrefabParent: 0
  m_IsExploded: 1
--- !u!1 &252039911
GameObject:
  m_ObjectHideFlags: 0
  m_PrefabParentObject: {fileID: 100002, guid: 4334e525039bafd47a903ccd7019e2dc, type: 2}
  m_PrefabInternal: {fileID: 1251247343}
  serializedVersion: 4
  m_Component:
  - 4: {fileID: 252039912}
  - 212: {fileID: 252039915}
  - 95: {fileID: 252039914}
  - 50: {fileID: 252039913}
  - 114: {fileID: 252039916}
  m_Layer: 0
  m_Name: robot
  m_TagString: Untagged
  m_Icon: {fileID: -1077886335, guid: 0000000000000000d000000000000000, type: 0}
  m_NavMeshLayer: 0
  m_StaticEditorFlags: 0
  m_IsActive: 1
--- !u!4 &252039912
Transform:
  m_ObjectHideFlags: 0
  m_PrefabParentObject: {fileID: 400002, guid: 4334e525039bafd47a903ccd7019e2dc, type: 2}
  m_PrefabInternal: {fileID: 1251247343}
  m_GameObject: {fileID: 252039911}
  m_LocalRotation: {x: 0, y: 0, z: 0, w: 1}
  m_LocalPosition: {x: -.583787978, y: -1.02238452, z: -6}
  m_LocalScale: {x: 2, y: 2, z: 1}
  m_Children:
  - {fileID: 850740623}
  m_Father: {fileID: 0}
  m_RootOrder: 0
--- !u!50 &252039913
Rigidbody2D:
  m_ObjectHideFlags: 0
  m_PrefabParentObject: {fileID: 5000000, guid: 4334e525039bafd47a903ccd7019e2dc,
    type: 2}
  m_PrefabInternal: {fileID: 1251247343}
  m_GameObject: {fileID: 252039911}
  m_Mass: 1
  m_LinearDrag: 0
  m_AngularDrag: .0500000007
  m_GravityScale: 0
  m_FixedAngle: 0
  m_IsKinematic: 0
  m_Interpolate: 0
  m_SleepingMode: 1
  m_CollisionDetection: 0
--- !u!95 &252039914
Animator:
  serializedVersion: 3
  m_ObjectHideFlags: 0
  m_PrefabParentObject: {fileID: 9500000, guid: 4334e525039bafd47a903ccd7019e2dc,
    type: 2}
  m_PrefabInternal: {fileID: 1251247343}
  m_GameObject: {fileID: 252039911}
  m_Enabled: 1
  m_Avatar: {fileID: 0}
  m_Controller: {fileID: 9100000, guid: 3c3fb298f37c5cb4f9d7f8264035b399, type: 2}
  m_CullingMode: 0
  m_UpdateMode: 0
  m_ApplyRootMotion: 1
  m_HasTransformHierarchy: 1
  m_AllowConstantClipSamplingOptimization: 1
--- !u!212 &252039915
SpriteRenderer:
  m_ObjectHideFlags: 0
  m_PrefabParentObject: {fileID: 21200000, guid: 4334e525039bafd47a903ccd7019e2dc,
    type: 2}
  m_PrefabInternal: {fileID: 1251247343}
  m_GameObject: {fileID: 252039911}
  m_Enabled: 1
  m_CastShadows: 0
  m_ReceiveShadows: 0
  m_LightmapIndex: 255
  m_LightmapTilingOffset: {x: 1, y: 1, z: 0, w: 0}
  m_Materials:
  - {fileID: 10754, guid: 0000000000000000e000000000000000, type: 0}
  m_SubsetIndices: 
  m_StaticBatchRoot: {fileID: 0}
  m_UseLightProbes: 0
  m_LightProbeAnchor: {fileID: 0}
  m_ScaleInLightmap: 1
  m_SortingLayerID: 0
  m_SortingOrder: 0
  m_Sprite: {fileID: 21300002, guid: 4830f7d6bf90c1b4cb3c73605537a04c, type: 3}
  m_Color: {r: 1, g: 1, b: 1, a: 1}
--- !u!114 &252039916
MonoBehaviour:
  m_ObjectHideFlags: 0
  m_PrefabParentObject: {fileID: 0}
  m_PrefabInternal: {fileID: 0}
  m_GameObject: {fileID: 252039911}
  m_Enabled: 1
  m_EditorHideFlags: 0
  m_Script: {fileID: 11500000, guid: 8cdb94edec3bbdc4c8ca8cf185cfc570, type: 3}
  m_Name: 
  m_EditorClassIdentifier: 
  isMonster: 0
  moveSpeed: 1
  attackRange: .300000012
  attackCooldown: 1
  animator: {fileID: 0}
  iaTarget: {fileID: 0}
--- !u!1 &356241552
GameObject:
  m_ObjectHideFlags: 0
  m_PrefabParentObject: {fileID: 0}
  m_PrefabInternal: {fileID: 0}
  serializedVersion: 4
  m_Component:
  - 4: {fileID: 356241553}
  m_Layer: 0
  m_Name: middleground
  m_TagString: Untagged
  m_Icon: {fileID: 0}
  m_NavMeshLayer: 0
  m_StaticEditorFlags: 0
  m_IsActive: 1
--- !u!4 &356241553
Transform:
  m_ObjectHideFlags: 0
  m_PrefabParentObject: {fileID: 0}
  m_PrefabInternal: {fileID: 0}
  m_GameObject: {fileID: 356241552}
  m_LocalRotation: {x: 0, y: 0, z: 0, w: 1}
  m_LocalPosition: {x: 0, y: 0, z: -5}
  m_LocalScale: {x: 1, y: 1, z: 1}
  m_Children:
  - {fileID: 1802073021}
  m_Father: {fileID: 2058313006}
  m_RootOrder: 1
--- !u!1 &404204478
GameObject:
  m_ObjectHideFlags: 0
  m_PrefabParentObject: {fileID: 161234, guid: 7c18aaf939ddc9f40863ba05230214c5, type: 2}
  m_PrefabInternal: {fileID: 174797781}
  serializedVersion: 4
  m_Component:
  - 224: {fileID: 404204479}
  - 222: {fileID: 404204481}
  - 114: {fileID: 404204480}
  m_Layer: 5
  m_Name: Text_menu
  m_TagString: Untagged
  m_Icon: {fileID: 0}
  m_NavMeshLayer: 0
  m_StaticEditorFlags: 0
  m_IsActive: 1
--- !u!224 &404204479
RectTransform:
  m_ObjectHideFlags: 0
  m_PrefabParentObject: {fileID: 22461234, guid: 7c18aaf939ddc9f40863ba05230214c5,
    type: 2}
  m_PrefabInternal: {fileID: 174797781}
  m_GameObject: {fileID: 404204478}
  m_LocalRotation: {x: 0, y: 0, z: 0, w: 1}
  m_LocalPosition: {x: 0, y: 0, z: 0}
  m_LocalScale: {x: 1, y: 1, z: 1}
  m_Children: []
  m_Father: {fileID: 1859316524}
  m_RootOrder: 1
  m_AnchorMin: {x: .5, y: .5}
  m_AnchorMax: {x: .5, y: .5}
  m_AnchoredPosition: {x: 0, y: 110}
  m_SizeDelta: {x: 154.699997, y: 32}
  m_Pivot: {x: .5, y: .5}
--- !u!114 &404204480
MonoBehaviour:
  m_ObjectHideFlags: 0
  m_PrefabParentObject: {fileID: 11461242, guid: 7c18aaf939ddc9f40863ba05230214c5,
    type: 2}
  m_PrefabInternal: {fileID: 174797781}
  m_GameObject: {fileID: 404204478}
  m_Enabled: 1
  m_EditorHideFlags: 0
  m_Script: {fileID: 708705254, guid: f5f67c52d1564df4a8936ccd202a3bd8, type: 3}
  m_Name: 
  m_EditorClassIdentifier: 
  m_Material: {fileID: 0}
  m_Color: {r: 1, g: 1, b: 1, a: 1}
  m_FontData:
    m_Font: {fileID: 12800000, guid: 5b9bbaf7aa2ef1a4eb10cbb299006c9d, type: 3}
    m_FontSize: 30
    m_FontStyle: 0
    m_BestFit: 0
    m_MinSize: 10
    m_MaxSize: 40
    m_Alignment: 0
    m_RichText: 1
    m_HorizontalOverflow: 0
    m_VerticalOverflow: 0
    m_LineSpacing: 1
  m_Text: Menu Pause
--- !u!222 &404204481
CanvasRenderer:
  m_ObjectHideFlags: 0
  m_PrefabParentObject: {fileID: 22261234, guid: 7c18aaf939ddc9f40863ba05230214c5,
    type: 2}
  m_PrefabInternal: {fileID: 174797781}
  m_GameObject: {fileID: 404204478}
--- !u!1 &847389896
GameObject:
  m_ObjectHideFlags: 0
  m_PrefabParentObject: {fileID: 0}
  m_PrefabInternal: {fileID: 0}
  serializedVersion: 4
  m_Component:
  - 4: {fileID: 847389897}
  m_Layer: 0
  m_Name: foreground
  m_TagString: Untagged
  m_Icon: {fileID: 0}
  m_NavMeshLayer: 0
  m_StaticEditorFlags: 0
  m_IsActive: 1
--- !u!4 &847389897
Transform:
  m_ObjectHideFlags: 0
  m_PrefabParentObject: {fileID: 0}
  m_PrefabInternal: {fileID: 0}
  m_GameObject: {fileID: 847389896}
  m_LocalRotation: {x: 0, y: 0, z: 0, w: 1}
  m_LocalPosition: {x: 0, y: 0, z: -6}
  m_LocalScale: {x: 1, y: 1, z: 1}
  m_Children: []
  m_Father: {fileID: 2058313006}
  m_RootOrder: 2
--- !u!1 &850740620
GameObject:
  m_ObjectHideFlags: 0
  m_PrefabParentObject: {fileID: 100000, guid: 4334e525039bafd47a903ccd7019e2dc, type: 2}
  m_PrefabInternal: {fileID: 1251247343}
  serializedVersion: 4
  m_Component:
  - 4: {fileID: 850740623}
  - 58: {fileID: 850740622}
  - 114: {fileID: 850740621}
  m_Layer: 0
  m_Name: detector
  m_TagString: Untagged
  m_Icon: {fileID: 0}
  m_NavMeshLayer: 0
  m_StaticEditorFlags: 0
  m_IsActive: 1
--- !u!114 &850740621
MonoBehaviour:
  m_ObjectHideFlags: 0
  m_PrefabParentObject: {fileID: 11400000, guid: 4334e525039bafd47a903ccd7019e2dc,
    type: 2}
  m_PrefabInternal: {fileID: 1251247343}
  m_GameObject: {fileID: 850740620}
  m_Enabled: 1
  m_EditorHideFlags: 0
  m_Script: {fileID: 11500000, guid: a03b0abcf8eb1f046a07d93d53d35e54, type: 3}
  m_Name: 
  m_EditorClassIdentifier: 
--- !u!58 &850740622
CircleCollider2D:
  m_ObjectHideFlags: 0
  m_PrefabParentObject: {fileID: 5800000, guid: 4334e525039bafd47a903ccd7019e2dc,
    type: 2}
  m_PrefabInternal: {fileID: 1251247343}
  m_GameObject: {fileID: 850740620}
  m_Enabled: 1
  m_Material: {fileID: 0}
  m_IsTrigger: 1
  m_Radius: 1
  m_Center: {x: 0, y: 0}
--- !u!4 &850740623
Transform:
  m_ObjectHideFlags: 0
  m_PrefabParentObject: {fileID: 400000, guid: 4334e525039bafd47a903ccd7019e2dc, type: 2}
  m_PrefabInternal: {fileID: 1251247343}
  m_GameObject: {fileID: 850740620}
  m_LocalRotation: {x: 0, y: 0, z: 0, w: 1}
  m_LocalPosition: {x: 0, y: 0, z: 0}
  m_LocalScale: {x: 1, y: 1, z: 1}
  m_Children: []
  m_Father: {fileID: 252039912}
  m_RootOrder: 0
--- !u!1 &884042437
GameObject:
  m_ObjectHideFlags: 0
  m_PrefabParentObject: {fileID: 161236, guid: 7c18aaf939ddc9f40863ba05230214c5, type: 2}
  m_PrefabInternal: {fileID: 174797781}
  serializedVersion: 4
  m_Component:
  - 224: {fileID: 884042438}
  - 222: {fileID: 884042441}
  - 114: {fileID: 884042440}
  - 114: {fileID: 884042439}
  m_Layer: 5
  m_Name: btn_settings
  m_TagString: Untagged
  m_Icon: {fileID: 0}
  m_NavMeshLayer: 0
  m_StaticEditorFlags: 0
  m_IsActive: 1
--- !u!224 &884042438
RectTransform:
  m_ObjectHideFlags: 0
  m_PrefabParentObject: {fileID: 22461236, guid: 7c18aaf939ddc9f40863ba05230214c5,
    type: 2}
  m_PrefabInternal: {fileID: 174797781}
  m_GameObject: {fileID: 884042437}
  m_LocalRotation: {x: 0, y: 0, z: 0, w: 1}
  m_LocalPosition: {x: 0, y: 0, z: 0}
  m_LocalScale: {x: 1, y: 1, z: 1}
  m_Children:
  - {fileID: 1061994290}
  m_Father: {fileID: 1859316524}
  m_RootOrder: 3
  m_AnchorMin: {x: .5, y: .5}
  m_AnchorMax: {x: .5, y: .5}
  m_AnchoredPosition: {x: 0, y: 20}
  m_SizeDelta: {x: 160, y: 30}
  m_Pivot: {x: .5, y: .5}
--- !u!114 &884042439
MonoBehaviour:
  m_ObjectHideFlags: 0
  m_PrefabParentObject: {fileID: 11461244, guid: 7c18aaf939ddc9f40863ba05230214c5,
    type: 2}
  m_PrefabInternal: {fileID: 174797781}
  m_GameObject: {fileID: 884042437}
  m_Enabled: 1
  m_EditorHideFlags: 0
  m_Script: {fileID: 1392445389, guid: f5f67c52d1564df4a8936ccd202a3bd8, type: 3}
  m_Name: 
  m_EditorClassIdentifier: 
  m_Navigation:
    m_Mode: 3
    m_SelectOnUp: {fileID: 0}
    m_SelectOnDown: {fileID: 0}
    m_SelectOnLeft: {fileID: 0}
    m_SelectOnRight: {fileID: 0}
  m_Transition: 1
  m_Colors:
    m_NormalColor: {r: 1, g: 1, b: 1, a: 1}
    m_HighlightedColor: {r: .960784316, g: .960784316, b: .960784316, a: 1}
    m_PressedColor: {r: .784313738, g: .784313738, b: .784313738, a: 1}
    m_DisabledColor: {r: .784313738, g: .784313738, b: .784313738, a: .501960814}
    m_ColorMultiplier: 1
    m_FadeDuration: .100000001
  m_SpriteState:
    m_HighlightedSprite: {fileID: 0}
    m_PressedSprite: {fileID: 0}
    m_DisabledSprite: {fileID: 0}
  m_AnimationTriggers:
    m_NormalTrigger: Normal
    m_HighlightedTrigger: Highlighted
    m_PressedTrigger: Pressed
    m_DisabledTrigger: Disabled
  m_Interactable: 1
  m_TargetGraphic: {fileID: 884042440}
  m_OnClick:
    m_PersistentCalls:
      m_Calls: []
    m_TypeName: UnityEngine.UI.Button+ButtonClickedEvent, UnityEngine.UI, Version=1.0.0.0,
      Culture=neutral, PublicKeyToken=null
--- !u!114 &884042440
MonoBehaviour:
  m_ObjectHideFlags: 0
  m_PrefabParentObject: {fileID: 11461246, guid: 7c18aaf939ddc9f40863ba05230214c5,
    type: 2}
  m_PrefabInternal: {fileID: 174797781}
  m_GameObject: {fileID: 884042437}
  m_Enabled: 1
  m_EditorHideFlags: 0
  m_Script: {fileID: -765806418, guid: f5f67c52d1564df4a8936ccd202a3bd8, type: 3}
  m_Name: 
  m_EditorClassIdentifier: 
  m_Material: {fileID: 0}
  m_Color: {r: 1, g: 1, b: 1, a: 1}
  m_Sprite: {fileID: 10905, guid: 0000000000000000f000000000000000, type: 0}
  m_Type: 1
  m_PreserveAspect: 0
  m_FillCenter: 1
  m_FillMethod: 4
  m_FillAmount: 1
  m_FillClockwise: 1
  m_FillOrigin: 0
--- !u!222 &884042441
CanvasRenderer:
  m_ObjectHideFlags: 0
  m_PrefabParentObject: {fileID: 22261236, guid: 7c18aaf939ddc9f40863ba05230214c5,
    type: 2}
  m_PrefabInternal: {fileID: 174797781}
  m_GameObject: {fileID: 884042437}
--- !u!1 &893077463
GameObject:
  m_ObjectHideFlags: 0
  m_PrefabParentObject: {fileID: 0}
  m_PrefabInternal: {fileID: 0}
  serializedVersion: 4
  m_Component:
  - 4: {fileID: 893077464}
  m_Layer: 0
  m_Name: background
  m_TagString: Untagged
  m_Icon: {fileID: 0}
  m_NavMeshLayer: 0
  m_StaticEditorFlags: 0
  m_IsActive: 1
--- !u!4 &893077464
Transform:
  m_ObjectHideFlags: 0
  m_PrefabParentObject: {fileID: 0}
  m_PrefabInternal: {fileID: 0}
  m_GameObject: {fileID: 893077463}
  m_LocalRotation: {x: 0, y: 0, z: 0, w: 1}
  m_LocalPosition: {x: 0, y: 0, z: 0}
  m_LocalScale: {x: 1, y: 1, z: 1}
  m_Children:
  - {fileID: 1712976023}
  m_Father: {fileID: 2058313006}
  m_RootOrder: 0
--- !u!1 &1061994289
GameObject:
  m_ObjectHideFlags: 0
  m_PrefabParentObject: {fileID: 161238, guid: 7c18aaf939ddc9f40863ba05230214c5, type: 2}
  m_PrefabInternal: {fileID: 174797781}
  serializedVersion: 4
  m_Component:
  - 224: {fileID: 1061994290}
  - 222: {fileID: 1061994292}
  - 114: {fileID: 1061994291}
  m_Layer: 5
  m_Name: Text
  m_TagString: Untagged
  m_Icon: {fileID: 0}
  m_NavMeshLayer: 0
  m_StaticEditorFlags: 0
  m_IsActive: 1
--- !u!224 &1061994290
RectTransform:
  m_ObjectHideFlags: 0
  m_PrefabParentObject: {fileID: 22461238, guid: 7c18aaf939ddc9f40863ba05230214c5,
    type: 2}
  m_PrefabInternal: {fileID: 174797781}
  m_GameObject: {fileID: 1061994289}
  m_LocalRotation: {x: 0, y: 0, z: 0, w: 1}
  m_LocalPosition: {x: 0, y: 0, z: 0}
  m_LocalScale: {x: 1, y: 1, z: 1}
  m_Children: []
  m_Father: {fileID: 884042438}
  m_RootOrder: 0
  m_AnchorMin: {x: 0, y: 0}
  m_AnchorMax: {x: 1, y: 1}
  m_AnchoredPosition: {x: 0, y: 0}
  m_SizeDelta: {x: 0, y: 0}
  m_Pivot: {x: .5, y: .5}
--- !u!114 &1061994291
MonoBehaviour:
  m_ObjectHideFlags: 0
  m_PrefabParentObject: {fileID: 11461248, guid: 7c18aaf939ddc9f40863ba05230214c5,
    type: 2}
  m_PrefabInternal: {fileID: 174797781}
  m_GameObject: {fileID: 1061994289}
  m_Enabled: 1
  m_EditorHideFlags: 0
  m_Script: {fileID: 708705254, guid: f5f67c52d1564df4a8936ccd202a3bd8, type: 3}
  m_Name: 
  m_EditorClassIdentifier: 
  m_Material: {fileID: 0}
  m_Color: {r: .195999995, g: .195999995, b: .195999995, a: 1}
  m_FontData:
    m_Font: {fileID: 12800000, guid: 5b9bbaf7aa2ef1a4eb10cbb299006c9d, type: 3}
    m_FontSize: 14
    m_FontStyle: 0
    m_BestFit: 0
    m_MinSize: 10
    m_MaxSize: 40
    m_Alignment: 4
    m_RichText: 1
    m_HorizontalOverflow: 0
    m_VerticalOverflow: 0
    m_LineSpacing: 1
  m_Text: Options
--- !u!222 &1061994292
CanvasRenderer:
  m_ObjectHideFlags: 0
  m_PrefabParentObject: {fileID: 22261238, guid: 7c18aaf939ddc9f40863ba05230214c5,
    type: 2}
  m_PrefabInternal: {fileID: 174797781}
  m_GameObject: {fileID: 1061994289}
--- !u!1 &1081407746
GameObject:
  m_ObjectHideFlags: 0
  m_PrefabParentObject: {fileID: 0}
  m_PrefabInternal: {fileID: 0}
  serializedVersion: 4
  m_Component:
  - 4: {fileID: 1081407751}
  - 20: {fileID: 1081407750}
  - 92: {fileID: 1081407749}
  - 124: {fileID: 1081407748}
  - 81: {fileID: 1081407747}
  - 114: {fileID: 1081407752}
  - 114: {fileID: 1081407753}
  m_Layer: 0
  m_Name: Main Camera
  m_TagString: MainCamera
  m_Icon: {fileID: 0}
  m_NavMeshLayer: 0
  m_StaticEditorFlags: 0
  m_IsActive: 1
--- !u!81 &1081407747
AudioListener:
  m_ObjectHideFlags: 0
  m_PrefabParentObject: {fileID: 0}
  m_PrefabInternal: {fileID: 0}
  m_GameObject: {fileID: 1081407746}
  m_Enabled: 1
--- !u!124 &1081407748
Behaviour:
  m_ObjectHideFlags: 0
  m_PrefabParentObject: {fileID: 0}
  m_PrefabInternal: {fileID: 0}
  m_GameObject: {fileID: 1081407746}
  m_Enabled: 1
--- !u!92 &1081407749
Behaviour:
  m_ObjectHideFlags: 0
  m_PrefabParentObject: {fileID: 0}
  m_PrefabInternal: {fileID: 0}
  m_GameObject: {fileID: 1081407746}
  m_Enabled: 1
--- !u!20 &1081407750
Camera:
  m_ObjectHideFlags: 0
  m_PrefabParentObject: {fileID: 0}
  m_PrefabInternal: {fileID: 0}
  m_GameObject: {fileID: 1081407746}
  m_Enabled: 1
  serializedVersion: 2
  m_ClearFlags: 1
  m_BackGroundColor: {r: .192156866, g: .301960796, b: .474509805, a: .0196078438}
  m_NormalizedViewPortRect:
    serializedVersion: 2
    x: 0
    y: 0
    width: 1
    height: 1
  near clip plane: .300000012
  far clip plane: 1000
  field of view: 60
  orthographic: 1
  orthographic size: 5
  m_Depth: -1
  m_CullingMask:
    serializedVersion: 2
    m_Bits: 4294967295
  m_RenderingPath: -1
  m_TargetTexture: {fileID: 0}
  m_TargetDisplay: 0
  m_HDR: 0
  m_OcclusionCulling: 1
  m_StereoConvergence: 10
  m_StereoSeparation: .0219999999
--- !u!4 &1081407751
Transform:
  m_ObjectHideFlags: 0
  m_PrefabParentObject: {fileID: 0}
  m_PrefabInternal: {fileID: 0}
  m_GameObject: {fileID: 1081407746}
  m_LocalRotation: {x: 0, y: 0, z: 0, w: 1}
  m_LocalPosition: {x: 0, y: 0, z: -7}
  m_LocalScale: {x: 1, y: 1, z: 1}
  m_Children: []
  m_Father: {fileID: 1589156947}
  m_RootOrder: 0
--- !u!114 &1081407752
MonoBehaviour:
  m_ObjectHideFlags: 0
  m_PrefabParentObject: {fileID: 0}
  m_PrefabInternal: {fileID: 0}
  m_GameObject: {fileID: 1081407746}
  m_Enabled: 1
  m_EditorHideFlags: 0
  m_Script: {fileID: 11500000, guid: 21e36c6ab57996b4bb867d1e03848ac6, type: 3}
  m_Name: 
  m_EditorClassIdentifier: 
  speed: {x: 7, y: 7, z: 0}
--- !u!114 &1081407753
MonoBehaviour:
  m_ObjectHideFlags: 0
  m_PrefabParentObject: {fileID: 0}
  m_PrefabInternal: {fileID: 0}
  m_GameObject: {fileID: 1081407746}
  m_Enabled: 1
  m_EditorHideFlags: 0
  m_Script: {fileID: 11500000, guid: 581c47c73d798b2439b9fc0e1ec4fa42, type: 3}
  m_Name: 
  m_EditorClassIdentifier: 
--- !u!1 &1084848078
GameObject:
  m_ObjectHideFlags: 0
  m_PrefabParentObject: {fileID: 161240, guid: 7c18aaf939ddc9f40863ba05230214c5, type: 2}
  m_PrefabInternal: {fileID: 174797781}
  serializedVersion: 4
  m_Component:
  - 224: {fileID: 1084848081}
  - 222: {fileID: 1084848080}
  - 114: {fileID: 1084848079}
  m_Layer: 5
  m_Name: Text
  m_TagString: Untagged
  m_Icon: {fileID: 0}
  m_NavMeshLayer: 0
  m_StaticEditorFlags: 0
  m_IsActive: 1
--- !u!114 &1084848079
MonoBehaviour:
  m_ObjectHideFlags: 0
  m_PrefabParentObject: {fileID: 11461250, guid: 7c18aaf939ddc9f40863ba05230214c5,
    type: 2}
  m_PrefabInternal: {fileID: 174797781}
  m_GameObject: {fileID: 1084848078}
  m_Enabled: 1
  m_EditorHideFlags: 0
  m_Script: {fileID: 708705254, guid: f5f67c52d1564df4a8936ccd202a3bd8, type: 3}
  m_Name: 
  m_EditorClassIdentifier: 
  m_Material: {fileID: 0}
  m_Color: {r: .195999995, g: .195999995, b: .195999995, a: 1}
  m_FontData:
    m_Font: {fileID: 12800000, guid: 5b9bbaf7aa2ef1a4eb10cbb299006c9d, type: 3}
    m_FontSize: 14
    m_FontStyle: 0
    m_BestFit: 0
    m_MinSize: 10
    m_MaxSize: 40
    m_Alignment: 4
    m_RichText: 1
    m_HorizontalOverflow: 0
    m_VerticalOverflow: 0
    m_LineSpacing: 1
  m_Text: Continuer
--- !u!222 &1084848080
CanvasRenderer:
  m_ObjectHideFlags: 0
  m_PrefabParentObject: {fileID: 22261240, guid: 7c18aaf939ddc9f40863ba05230214c5,
    type: 2}
  m_PrefabInternal: {fileID: 174797781}
  m_GameObject: {fileID: 1084848078}
--- !u!224 &1084848081
RectTransform:
  m_ObjectHideFlags: 0
  m_PrefabParentObject: {fileID: 22461240, guid: 7c18aaf939ddc9f40863ba05230214c5,
    type: 2}
  m_PrefabInternal: {fileID: 174797781}
  m_GameObject: {fileID: 1084848078}
  m_LocalRotation: {x: 0, y: 0, z: 0, w: 1}
  m_LocalPosition: {x: 0, y: 0, z: 0}
  m_LocalScale: {x: 1, y: 1, z: 1}
  m_Children: []
  m_Father: {fileID: 176767390}
  m_RootOrder: 0
  m_AnchorMin: {x: 0, y: 0}
  m_AnchorMax: {x: 1, y: 1}
  m_AnchoredPosition: {x: 0, y: 0}
  m_SizeDelta: {x: 0, y: 0}
  m_Pivot: {x: .5, y: .5}
--- !u!1001 &1251247343
Prefab:
  m_ObjectHideFlags: 0
  serializedVersion: 2
  m_Modification:
    m_TransformParent: {fileID: 0}
    m_Modifications:
    - target: {fileID: 400002, guid: 4334e525039bafd47a903ccd7019e2dc, type: 2}
      propertyPath: m_LocalPosition.x
      value: -.583787978
      objectReference: {fileID: 0}
    - target: {fileID: 400002, guid: 4334e525039bafd47a903ccd7019e2dc, type: 2}
      propertyPath: m_LocalPosition.y
      value: -1.02238452
      objectReference: {fileID: 0}
    - target: {fileID: 400002, guid: 4334e525039bafd47a903ccd7019e2dc, type: 2}
      propertyPath: m_LocalPosition.z
      value: -6
      objectReference: {fileID: 0}
    - target: {fileID: 400002, guid: 4334e525039bafd47a903ccd7019e2dc, type: 2}
      propertyPath: m_LocalRotation.x
      value: 0
      objectReference: {fileID: 0}
    - target: {fileID: 400002, guid: 4334e525039bafd47a903ccd7019e2dc, type: 2}
      propertyPath: m_LocalRotation.y
      value: 0
      objectReference: {fileID: 0}
    - target: {fileID: 400002, guid: 4334e525039bafd47a903ccd7019e2dc, type: 2}
      propertyPath: m_LocalRotation.z
      value: 0
      objectReference: {fileID: 0}
    - target: {fileID: 400002, guid: 4334e525039bafd47a903ccd7019e2dc, type: 2}
      propertyPath: m_LocalRotation.w
      value: 1
      objectReference: {fileID: 0}
    - target: {fileID: 400002, guid: 4334e525039bafd47a903ccd7019e2dc, type: 2}
      propertyPath: m_RootOrder
      value: 0
      objectReference: {fileID: 0}
    m_RemovedComponents: []
  m_ParentPrefab: {fileID: 100100000, guid: 4334e525039bafd47a903ccd7019e2dc, type: 2}
  m_RootGameObject: {fileID: 252039911}
  m_IsPrefabParent: 0
  m_IsExploded: 1
--- !u!1 &1302688260
GameObject:
  m_ObjectHideFlags: 0
  m_PrefabParentObject: {fileID: 161242, guid: 7c18aaf939ddc9f40863ba05230214c5, type: 2}
  m_PrefabInternal: {fileID: 174797781}
  serializedVersion: 4
  m_Component:
  - 224: {fileID: 1302688261}
  - 222: {fileID: 1302688263}
  - 114: {fileID: 1302688262}
  m_Layer: 5
  m_Name: Text
  m_TagString: Untagged
  m_Icon: {fileID: 0}
  m_NavMeshLayer: 0
  m_StaticEditorFlags: 0
  m_IsActive: 1
--- !u!224 &1302688261
RectTransform:
  m_ObjectHideFlags: 0
  m_PrefabParentObject: {fileID: 22461242, guid: 7c18aaf939ddc9f40863ba05230214c5,
    type: 2}
  m_PrefabInternal: {fileID: 174797781}
  m_GameObject: {fileID: 1302688260}
  m_LocalRotation: {x: 0, y: 0, z: 0, w: 1}
  m_LocalPosition: {x: 0, y: 0, z: 0}
  m_LocalScale: {x: 1, y: 1, z: 1}
  m_Children: []
  m_Father: {fileID: 181478057}
  m_RootOrder: 0
  m_AnchorMin: {x: 0, y: 0}
  m_AnchorMax: {x: 1, y: 1}
  m_AnchoredPosition: {x: 0, y: 0}
  m_SizeDelta: {x: 0, y: 0}
  m_Pivot: {x: .5, y: .5}
--- !u!114 &1302688262
MonoBehaviour:
  m_ObjectHideFlags: 0
  m_PrefabParentObject: {fileID: 11461252, guid: 7c18aaf939ddc9f40863ba05230214c5,
    type: 2}
  m_PrefabInternal: {fileID: 174797781}
  m_GameObject: {fileID: 1302688260}
  m_Enabled: 1
  m_EditorHideFlags: 0
  m_Script: {fileID: 708705254, guid: f5f67c52d1564df4a8936ccd202a3bd8, type: 3}
  m_Name: 
  m_EditorClassIdentifier: 
  m_Material: {fileID: 0}
  m_Color: {r: .195999995, g: .195999995, b: .195999995, a: 1}
  m_FontData:
    m_Font: {fileID: 12800000, guid: 5b9bbaf7aa2ef1a4eb10cbb299006c9d, type: 3}
    m_FontSize: 14
    m_FontStyle: 0
    m_BestFit: 0
    m_MinSize: 10
    m_MaxSize: 40
    m_Alignment: 4
    m_RichText: 1
    m_HorizontalOverflow: 0
    m_VerticalOverflow: 0
    m_LineSpacing: 1
  m_Text: Sauvegarder
--- !u!222 &1302688263
CanvasRenderer:
  m_ObjectHideFlags: 0
  m_PrefabParentObject: {fileID: 22261242, guid: 7c18aaf939ddc9f40863ba05230214c5,
    type: 2}
  m_PrefabInternal: {fileID: 174797781}
  m_GameObject: {fileID: 1302688260}
--- !u!1 &1352722755
GameObject:
  m_ObjectHideFlags: 0
  m_PrefabParentObject: {fileID: 0}
  m_PrefabInternal: {fileID: 0}
  serializedVersion: 4
  m_Component:
  - 4: {fileID: 1352722759}
  - 114: {fileID: 1352722758}
  - 114: {fileID: 1352722757}
  - 114: {fileID: 1352722756}
  m_Layer: 0
  m_Name: EventSystem
  m_TagString: Untagged
  m_Icon: {fileID: 0}
  m_NavMeshLayer: 0
  m_StaticEditorFlags: 0
  m_IsActive: 1
--- !u!114 &1352722756
MonoBehaviour:
  m_ObjectHideFlags: 0
  m_PrefabParentObject: {fileID: 0}
  m_PrefabInternal: {fileID: 0}
  m_GameObject: {fileID: 1352722755}
  m_Enabled: 1
  m_EditorHideFlags: 0
  m_Script: {fileID: 1997211142, guid: f5f67c52d1564df4a8936ccd202a3bd8, type: 3}
  m_Name: 
  m_EditorClassIdentifier: 
  m_AllowActivationOnStandalone: 0
--- !u!114 &1352722757
MonoBehaviour:
  m_ObjectHideFlags: 0
  m_PrefabParentObject: {fileID: 0}
  m_PrefabInternal: {fileID: 0}
  m_GameObject: {fileID: 1352722755}
  m_Enabled: 1
  m_EditorHideFlags: 0
  m_Script: {fileID: 1077351063, guid: f5f67c52d1564df4a8936ccd202a3bd8, type: 3}
  m_Name: 
  m_EditorClassIdentifier: 
  m_HorizontalAxis: Horizontal
  m_VerticalAxis: Vertical
  m_SubmitButton: Submit
  m_CancelButton: Cancel
  m_InputActionsPerSecond: 10
  m_AllowActivationOnMobileDevice: 0
--- !u!114 &1352722758
MonoBehaviour:
  m_ObjectHideFlags: 0
  m_PrefabParentObject: {fileID: 0}
  m_PrefabInternal: {fileID: 0}
  m_GameObject: {fileID: 1352722755}
  m_Enabled: 1
  m_EditorHideFlags: 0
  m_Script: {fileID: -619905303, guid: f5f67c52d1564df4a8936ccd202a3bd8, type: 3}
  m_Name: 
  m_EditorClassIdentifier: 
  m_FirstSelected: {fileID: 0}
  m_sendNavigationEvents: 1
  m_DragThreshold: 5
--- !u!4 &1352722759
Transform:
  m_ObjectHideFlags: 0
  m_PrefabParentObject: {fileID: 0}
  m_PrefabInternal: {fileID: 0}
  m_GameObject: {fileID: 1352722755}
  m_LocalRotation: {x: 0, y: 0, z: 0, w: 1}
  m_LocalPosition: {x: 0, y: 0, z: 0}
  m_LocalScale: {x: 1, y: 1, z: 1}
  m_Children: []
  m_Father: {fileID: 0}
  m_RootOrder: 7
--- !u!1 &1589156946
GameObject:
  m_ObjectHideFlags: 0
  m_PrefabParentObject: {fileID: 0}
  m_PrefabInternal: {fileID: 0}
  serializedVersion: 4
  m_Component:
  - 4: {fileID: 1589156947}
  m_Layer: 0
  m_Name: Render
  m_TagString: Untagged
  m_Icon: {fileID: 0}
  m_NavMeshLayer: 0
  m_StaticEditorFlags: 0
  m_IsActive: 1
--- !u!4 &1589156947
Transform:
  m_ObjectHideFlags: 0
  m_PrefabParentObject: {fileID: 0}
  m_PrefabInternal: {fileID: 0}
  m_GameObject: {fileID: 1589156946}
  m_LocalRotation: {x: 0, y: 0, z: 0, w: 1}
  m_LocalPosition: {x: 0, y: 0, z: 0}
  m_LocalScale: {x: 1, y: 1, z: 1}
  m_Children:
  - {fileID: 1081407751}
  m_Father: {fileID: 0}
  m_RootOrder: 3
--- !u!1 &1638042155
GameObject:
  m_ObjectHideFlags: 0
  m_PrefabParentObject: {fileID: 0}
  m_PrefabInternal: {fileID: 0}
  serializedVersion: 4
  m_Component:
  - 4: {fileID: 1638042156}
  - 114: {fileID: 1638042157}
  m_Layer: 0
  m_Name: Scripts
  m_TagString: Untagged
  m_Icon: {fileID: 0}
  m_NavMeshLayer: 0
  m_StaticEditorFlags: 0
  m_IsActive: 1
--- !u!4 &1638042156
Transform:
  m_ObjectHideFlags: 0
  m_PrefabParentObject: {fileID: 0}
  m_PrefabInternal: {fileID: 0}
  m_GameObject: {fileID: 1638042155}
  m_LocalRotation: {x: 0, y: 0, z: 0, w: 1}
  m_LocalPosition: {x: 0, y: 0, z: 0}
  m_LocalScale: {x: 1, y: 1, z: 1}
  m_Children: []
  m_Father: {fileID: 0}
  m_RootOrder: 4
--- !u!114 &1638042157
MonoBehaviour:
  m_ObjectHideFlags: 0
  m_PrefabParentObject: {fileID: 0}
  m_PrefabInternal: {fileID: 0}
  m_GameObject: {fileID: 1638042155}
  m_Enabled: 1
  m_EditorHideFlags: 0
  m_Script: {fileID: 11500000, guid: 38cca830b8c802d45a13342ff21f8ae0, type: 3}
  m_Name: 
  m_EditorClassIdentifier: 
  monster: {fileID: 400000, guid: 4f44716be608fbe43bad109072b1aa20, type: 2}
  spawnArea: 8
  countDownSize: 1
  positionX: 0
  positionZ: 0
--- !u!1 &1642394887
GameObject:
  m_ObjectHideFlags: 0
  m_PrefabParentObject: {fileID: 0}
  m_PrefabInternal: {fileID: 0}
  serializedVersion: 4
  m_Component:
  - 4: {fileID: 1642394888}
  m_Layer: 0
  m_Name: Gui
  m_TagString: Untagged
  m_Icon: {fileID: 0}
  m_NavMeshLayer: 0
  m_StaticEditorFlags: 0
  m_IsActive: 1
--- !u!4 &1642394888
Transform:
  m_ObjectHideFlags: 0
  m_PrefabParentObject: {fileID: 0}
  m_PrefabInternal: {fileID: 0}
  m_GameObject: {fileID: 1642394887}
  m_LocalRotation: {x: 0, y: 0, z: 0, w: 1}
  m_LocalPosition: {x: 0, y: 0, z: 0}
  m_LocalScale: {x: 1, y: 1, z: 1}
  m_Children: []
  m_Father: {fileID: 0}
  m_RootOrder: 1
--- !u!1 &1712976021
GameObject:
  m_ObjectHideFlags: 0
  m_PrefabParentObject: {fileID: 0}
  m_PrefabInternal: {fileID: 0}
  serializedVersion: 4
  m_Component:
  - 4: {fileID: 1712976023}
  - 212: {fileID: 1712976022}
  m_Layer: 0
  m_Name: sand
  m_TagString: Untagged
  m_Icon: {fileID: 0}
  m_NavMeshLayer: 0
  m_StaticEditorFlags: 0
  m_IsActive: 1
--- !u!212 &1712976022
SpriteRenderer:
  m_ObjectHideFlags: 0
  m_PrefabParentObject: {fileID: 0}
  m_PrefabInternal: {fileID: 0}
  m_GameObject: {fileID: 1712976021}
  m_Enabled: 1
  m_CastShadows: 0
  m_ReceiveShadows: 0
  m_LightmapIndex: 255
  m_LightmapTilingOffset: {x: 1, y: 1, z: 0, w: 0}
  m_Materials:
  - {fileID: 10754, guid: 0000000000000000e000000000000000, type: 0}
  m_SubsetIndices: 
  m_StaticBatchRoot: {fileID: 0}
  m_UseLightProbes: 0
  m_LightProbeAnchor: {fileID: 0}
  m_ScaleInLightmap: 1
  m_SortingLayerID: 0
  m_SortingOrder: 0
  m_Sprite: {fileID: 21300000, guid: 4708b366ec4bec24781882d598f44822, type: 3}
  m_Color: {r: 1, g: 1, b: 1, a: 1}
--- !u!4 &1712976023
Transform:
  m_ObjectHideFlags: 0
  m_PrefabParentObject: {fileID: 0}
  m_PrefabInternal: {fileID: 0}
  m_GameObject: {fileID: 1712976021}
  m_LocalRotation: {x: 0, y: 0, z: 0, w: 1}
  m_LocalPosition: {x: 0, y: 0, z: 0}
  m_LocalScale: {x: 10, y: 10, z: 10}
  m_Children: []
  m_Father: {fileID: 893077464}
  m_RootOrder: 0
--- !u!1 &1802073018
GameObject:
  m_ObjectHideFlags: 0
  m_PrefabParentObject: {fileID: 100000, guid: 8e16f0414e9787e4e80f5bce919577ba, type: 2}
  m_PrefabInternal: {fileID: 201967578}
  serializedVersion: 4
  m_Component:
  - 4: {fileID: 1802073021}
  - 212: {fileID: 1802073020}
  - 58: {fileID: 1802073019}
  m_Layer: 0
  m_Name: tower
  m_TagString: Untagged
  m_Icon: {fileID: 0}
  m_NavMeshLayer: 0
  m_StaticEditorFlags: 0
  m_IsActive: 1
--- !u!58 &1802073019
CircleCollider2D:
  m_ObjectHideFlags: 0
  m_PrefabParentObject: {fileID: 5800000, guid: 8e16f0414e9787e4e80f5bce919577ba,
    type: 2}
  m_PrefabInternal: {fileID: 201967578}
  m_GameObject: {fileID: 1802073018}
  m_Enabled: 1
  m_Material: {fileID: 0}
  m_IsTrigger: 0
  m_Radius: 1.89999998
  m_Center: {x: 0, y: -1.60000002}
--- !u!212 &1802073020
SpriteRenderer:
  m_ObjectHideFlags: 0
  m_PrefabParentObject: {fileID: 21200000, guid: 8e16f0414e9787e4e80f5bce919577ba,
    type: 2}
  m_PrefabInternal: {fileID: 201967578}
  m_GameObject: {fileID: 1802073018}
  m_Enabled: 1
  m_CastShadows: 0
  m_ReceiveShadows: 0
  m_LightmapIndex: 255
  m_LightmapTilingOffset: {x: 1, y: 1, z: 0, w: 0}
  m_Materials:
  - {fileID: 10754, guid: 0000000000000000e000000000000000, type: 0}
  m_SubsetIndices: 
  m_StaticBatchRoot: {fileID: 0}
  m_UseLightProbes: 0
  m_LightProbeAnchor: {fileID: 0}
  m_ScaleInLightmap: 1
  m_SortingLayerID: 0
  m_SortingOrder: 0
  m_Sprite: {fileID: 21300000, guid: b220f066f19425242b5827851af51d4c, type: 3}
  m_Color: {r: 1, g: 1, b: 1, a: 1}
--- !u!4 &1802073021
Transform:
  m_ObjectHideFlags: 0
  m_PrefabParentObject: {fileID: 400000, guid: 8e16f0414e9787e4e80f5bce919577ba, type: 2}
  m_PrefabInternal: {fileID: 201967578}
  m_GameObject: {fileID: 1802073018}
  m_LocalRotation: {x: 0, y: 1, z: 0, w: -4.37113883e-08}
  m_LocalPosition: {x: 0, y: 1, z: 0}
  m_LocalScale: {x: .400000006, y: .400000006, z: 1}
  m_Children: []
  m_Father: {fileID: 356241553}
  m_RootOrder: 0
--- !u!1 &1833322190
GameObject:
  m_ObjectHideFlags: 0
  m_PrefabParentObject: {fileID: 0}
  m_PrefabInternal: {fileID: 0}
  serializedVersion: 4
  m_Component:
  - 4: {fileID: 1833322192}
  - 114: {fileID: 1833322191}
  m_Layer: 0
  m_Name: UIManager
  m_TagString: Untagged
  m_Icon: {fileID: 0}
  m_NavMeshLayer: 0
  m_StaticEditorFlags: 0
  m_IsActive: 1
--- !u!114 &1833322191
MonoBehaviour:
  m_ObjectHideFlags: 0
  m_PrefabParentObject: {fileID: 0}
  m_PrefabInternal: {fileID: 0}
  m_GameObject: {fileID: 1833322190}
  m_Enabled: 1
  m_EditorHideFlags: 0
  m_Script: {fileID: 11500000, guid: 3eb93cacc885e8a4e8ff21c07a95695e, type: 3}
  m_Name: 
  m_EditorClassIdentifier: 
  pauseCanvas: {fileID: 1859316527}
  paused: 1
--- !u!4 &1833322192
Transform:
  m_ObjectHideFlags: 0
  m_PrefabParentObject: {fileID: 0}
  m_PrefabInternal: {fileID: 0}
  m_GameObject: {fileID: 1833322190}
  m_LocalRotation: {x: 0, y: 0, z: 0, w: 1}
  m_LocalPosition: {x: 0, y: 0, z: 0}
  m_LocalScale: {x: 1, y: 1, z: 1}
  m_Children: []
  m_Father: {fileID: 0}
  m_RootOrder: 6
--- !u!1 &1859316523
GameObject:
  m_ObjectHideFlags: 0
  m_PrefabParentObject: {fileID: 161244, guid: 7c18aaf939ddc9f40863ba05230214c5, type: 2}
  m_PrefabInternal: {fileID: 174797781}
  serializedVersion: 4
  m_Component:
  - 224: {fileID: 1859316524}
  - 223: {fileID: 1859316527}
  - 114: {fileID: 1859316526}
  - 114: {fileID: 1859316525}
  m_Layer: 5
  m_Name: Canvas
  m_TagString: Untagged
  m_Icon: {fileID: 0}
  m_NavMeshLayer: 0
  m_StaticEditorFlags: 0
  m_IsActive: 1
--- !u!224 &1859316524
RectTransform:
  m_ObjectHideFlags: 0
  m_PrefabParentObject: {fileID: 22461244, guid: 7c18aaf939ddc9f40863ba05230214c5,
    type: 2}
  m_PrefabInternal: {fileID: 174797781}
  m_GameObject: {fileID: 1859316523}
  m_LocalRotation: {x: 0, y: 0, z: 0, w: 1}
  m_LocalPosition: {x: 0, y: 0, z: 0}
  m_LocalScale: {x: 0, y: 0, z: 0}
  m_Children:
  - {fileID: 1981410171}
  - {fileID: 404204479}
  - {fileID: 176767390}
  - {fileID: 884042438}
  - {fileID: 181478057}
  - {fileID: 197811338}
  - {fileID: 162899779}
  m_Father: {fileID: 0}
  m_RootOrder: 5
  m_AnchorMin: {x: 0, y: 0}
  m_AnchorMax: {x: 0, y: 0}
  m_AnchoredPosition: {x: 0, y: 0}
  m_SizeDelta: {x: 0, y: 0}
  m_Pivot: {x: 0, y: 0}
--- !u!114 &1859316525
MonoBehaviour:
  m_ObjectHideFlags: 0
  m_PrefabParentObject: {fileID: 11461254, guid: 7c18aaf939ddc9f40863ba05230214c5,
    type: 2}
  m_PrefabInternal: {fileID: 174797781}
  m_GameObject: {fileID: 1859316523}
  m_Enabled: 1
  m_EditorHideFlags: 0
  m_Script: {fileID: 1301386320, guid: f5f67c52d1564df4a8936ccd202a3bd8, type: 3}
  m_Name: 
  m_EditorClassIdentifier: 
  ignoreReversedGraphics: 1
  blockingObjects: 0
  m_BlockingMask:
    serializedVersion: 2
    m_Bits: 4294967295
--- !u!114 &1859316526
MonoBehaviour:
  m_ObjectHideFlags: 0
  m_PrefabParentObject: {fileID: 11461256, guid: 7c18aaf939ddc9f40863ba05230214c5,
    type: 2}
  m_PrefabInternal: {fileID: 174797781}
  m_GameObject: {fileID: 1859316523}
  m_Enabled: 1
  m_EditorHideFlags: 0
  m_Script: {fileID: 1980459831, guid: f5f67c52d1564df4a8936ccd202a3bd8, type: 3}
  m_Name: 
  m_EditorClassIdentifier: 
  m_UiScaleMode: 0
  m_ReferencePixelsPerUnit: 100
  m_ScaleFactor: 1
  m_ReferenceResolution: {x: 800, y: 600}
  m_ScreenMatchMode: 0
  m_MatchWidthOrHeight: 0
  m_PhysicalUnit: 3
  m_FallbackScreenDPI: 96
  m_DefaultSpriteDPI: 96
  m_DynamicPixelsPerUnit: 1
--- !u!223 &1859316527
Canvas:
  m_ObjectHideFlags: 0
  m_PrefabParentObject: {fileID: 22361224, guid: 7c18aaf939ddc9f40863ba05230214c5,
    type: 2}
  m_PrefabInternal: {fileID: 174797781}
  m_GameObject: {fileID: 1859316523}
  m_Enabled: 1
  serializedVersion: 2
  m_RenderMode: 0
  m_Camera: {fileID: 0}
  m_PlaneDistance: 100
  m_PixelPerfect: 1
  m_ReceivesEvents: 1
  m_OverrideSorting: 0
  m_OverridePixelPerfect: 0
  m_SortingLayerID: 0
  m_SortingOrder: 0
--- !u!1 &1860101400
GameObject:
  m_ObjectHideFlags: 0
  m_PrefabParentObject: {fileID: 161246, guid: 7c18aaf939ddc9f40863ba05230214c5, type: 2}
  m_PrefabInternal: {fileID: 174797781}
  serializedVersion: 4
  m_Component:
  - 224: {fileID: 1860101401}
  - 222: {fileID: 1860101403}
  - 114: {fileID: 1860101402}
  m_Layer: 5
  m_Name: Text
  m_TagString: Untagged
  m_Icon: {fileID: 0}
  m_NavMeshLayer: 0
  m_StaticEditorFlags: 0
  m_IsActive: 1
--- !u!224 &1860101401
RectTransform:
  m_ObjectHideFlags: 0
  m_PrefabParentObject: {fileID: 22461246, guid: 7c18aaf939ddc9f40863ba05230214c5,
    type: 2}
  m_PrefabInternal: {fileID: 174797781}
  m_GameObject: {fileID: 1860101400}
  m_LocalRotation: {x: 0, y: 0, z: 0, w: 1}
  m_LocalPosition: {x: 0, y: 0, z: 0}
  m_LocalScale: {x: 1, y: 1, z: 1}
  m_Children: []
  m_Father: {fileID: 197811338}
  m_RootOrder: 0
  m_AnchorMin: {x: 0, y: 0}
  m_AnchorMax: {x: 1, y: 1}
  m_AnchoredPosition: {x: 0, y: 0}
  m_SizeDelta: {x: 0, y: 0}
  m_Pivot: {x: .5, y: .5}
--- !u!114 &1860101402
MonoBehaviour:
  m_ObjectHideFlags: 0
  m_PrefabParentObject: {fileID: 11461258, guid: 7c18aaf939ddc9f40863ba05230214c5,
    type: 2}
  m_PrefabInternal: {fileID: 174797781}
  m_GameObject: {fileID: 1860101400}
  m_Enabled: 1
  m_EditorHideFlags: 0
  m_Script: {fileID: 708705254, guid: f5f67c52d1564df4a8936ccd202a3bd8, type: 3}
  m_Name: 
  m_EditorClassIdentifier: 
  m_Material: {fileID: 0}
  m_Color: {r: .195999995, g: .195999995, b: .195999995, a: 1}
  m_FontData:
    m_Font: {fileID: 12800000, guid: 5b9bbaf7aa2ef1a4eb10cbb299006c9d, type: 3}
    m_FontSize: 12
    m_FontStyle: 0
    m_BestFit: 0
    m_MinSize: 10
    m_MaxSize: 40
    m_Alignment: 4
    m_RichText: 1
    m_HorizontalOverflow: 0
    m_VerticalOverflow: 0
    m_LineSpacing: 1
  m_Text: Retour au menu principal
--- !u!222 &1860101403
CanvasRenderer:
  m_ObjectHideFlags: 0
  m_PrefabParentObject: {fileID: 22261244, guid: 7c18aaf939ddc9f40863ba05230214c5,
    type: 2}
  m_PrefabInternal: {fileID: 174797781}
  m_GameObject: {fileID: 1860101400}
--- !u!1 &1981410168
GameObject:
  m_ObjectHideFlags: 0
  m_PrefabParentObject: {fileID: 161248, guid: 7c18aaf939ddc9f40863ba05230214c5, type: 2}
  m_PrefabInternal: {fileID: 174797781}
  serializedVersion: 4
  m_Component:
  - 224: {fileID: 1981410171}
  - 222: {fileID: 1981410170}
  - 114: {fileID: 1981410169}
  m_Layer: 5
  m_Name: pause_screen
  m_TagString: Untagged
  m_Icon: {fileID: 0}
  m_NavMeshLayer: 0
  m_StaticEditorFlags: 0
  m_IsActive: 1
--- !u!114 &1981410169
MonoBehaviour:
  m_ObjectHideFlags: 0
  m_PrefabParentObject: {fileID: 11461260, guid: 7c18aaf939ddc9f40863ba05230214c5,
    type: 2}
  m_PrefabInternal: {fileID: 174797781}
  m_GameObject: {fileID: 1981410168}
  m_Enabled: 1
  m_EditorHideFlags: 0
  m_Script: {fileID: -765806418, guid: f5f67c52d1564df4a8936ccd202a3bd8, type: 3}
  m_Name: 
  m_EditorClassIdentifier: 
  m_Material: {fileID: 0}
  m_Color: {r: .139705896, g: .139705896, b: .139705896, a: .874509811}
  m_Sprite: {fileID: 10907, guid: 0000000000000000f000000000000000, type: 0}
  m_Type: 1
  m_PreserveAspect: 0
  m_FillCenter: 1
  m_FillMethod: 4
  m_FillAmount: 1
  m_FillClockwise: 1
  m_FillOrigin: 0
--- !u!222 &1981410170
CanvasRenderer:
  m_ObjectHideFlags: 0
  m_PrefabParentObject: {fileID: 22261246, guid: 7c18aaf939ddc9f40863ba05230214c5,
    type: 2}
  m_PrefabInternal: {fileID: 174797781}
  m_GameObject: {fileID: 1981410168}
--- !u!224 &1981410171
RectTransform:
  m_ObjectHideFlags: 0
  m_PrefabParentObject: {fileID: 22461248, guid: 7c18aaf939ddc9f40863ba05230214c5,
    type: 2}
  m_PrefabInternal: {fileID: 174797781}
  m_GameObject: {fileID: 1981410168}
  m_LocalRotation: {x: 0, y: 0, z: 0, w: 1}
  m_LocalPosition: {x: 0, y: 0, z: 0}
  m_LocalScale: {x: .5, y: .800000012, z: 1}
  m_Children: []
  m_Father: {fileID: 1859316524}
  m_RootOrder: 0
  m_AnchorMin: {x: .5, y: .5}
  m_AnchorMax: {x: .5, y: .5}
  m_AnchoredPosition: {x: 0, y: 0}
  m_SizeDelta: {x: 600, y: 350}
  m_Pivot: {x: .5, y: .5}
--- !u!1 &2058313005
GameObject:
  m_ObjectHideFlags: 0
  m_PrefabParentObject: {fileID: 0}
  m_PrefabInternal: {fileID: 0}
  serializedVersion: 4
  m_Component:
  - 4: {fileID: 2058313006}
  m_Layer: 0
  m_Name: Level
  m_TagString: Untagged
  m_Icon: {fileID: 0}
  m_NavMeshLayer: 0
  m_StaticEditorFlags: 0
  m_IsActive: 1
--- !u!4 &2058313006
Transform:
  m_ObjectHideFlags: 0
  m_PrefabParentObject: {fileID: 0}
  m_PrefabInternal: {fileID: 0}
  m_GameObject: {fileID: 2058313005}
  m_LocalRotation: {x: 0, y: 0, z: 0, w: 1}
  m_LocalPosition: {x: 0, y: 0, z: 0}
  m_LocalScale: {x: 1, y: 1, z: 1}
  m_Children:
  - {fileID: 893077464}
  - {fileID: 356241553}
  - {fileID: 847389897}
  m_Father: {fileID: 0}
  m_RootOrder: 2
