%YAML 1.1
%TAG !u! tag:unity3d.com,2011:
--- !u!1 &114594
GameObject:
  m_ObjectHideFlags: 0
  m_PrefabParentObject: {fileID: 0}
  m_PrefabInternal: {fileID: 100100000}
  serializedVersion: 4
  m_Component:
  - 4: {fileID: 414594}
  - 212: {fileID: 21214594}
  - 58: {fileID: 5814594}
  m_Layer: 0
  m_Name: tower2D
  m_TagString: Untagged
  m_Icon: {fileID: 0}
  m_NavMeshLayer: 0
  m_StaticEditorFlags: 0
  m_IsActive: 1
--- !u!1 &140716
GameObject:
  m_ObjectHideFlags: 0
  m_PrefabParentObject: {fileID: 0}
  m_PrefabInternal: {fileID: 100100000}
  serializedVersion: 4
  m_Component:
  - 4: {fileID: 440716}
  - 33: {fileID: 3340716}
  - 136: {fileID: 13640716}
  - 23: {fileID: 2340716}
  - 208: {fileID: 20844076}
  m_Layer: 0
  m_Name: tower3D
  m_TagString: notWalkable3D
  m_Icon: {fileID: 0}
  m_NavMeshLayer: 1
  m_StaticEditorFlags: 4294967295
  m_IsActive: 1
--- !u!4 &414594
Transform:
  m_ObjectHideFlags: 1
  m_PrefabParentObject: {fileID: 0}
  m_PrefabInternal: {fileID: 100100000}
  m_GameObject: {fileID: 114594}
  m_LocalRotation: {x: .707106829, y: 0, z: 0, w: .707106829}
  m_LocalPosition: {x: 0, y: 5, z: 0}
  m_LocalScale: {x: .200000003, y: .200000003, z: .5}
  m_Children: []
  m_Father: {fileID: 440716}
  m_RootOrder: 0
--- !u!4 &440716
Transform:
  m_ObjectHideFlags: 1
  m_PrefabParentObject: {fileID: 0}
  m_PrefabInternal: {fileID: 100100000}
  m_GameObject: {fileID: 140716}
  m_LocalRotation: {x: 0, y: 0, z: 0, w: 1}
  m_LocalPosition: {x: 25, y: -2, z: -25}
  m_LocalScale: {x: 2, y: 1, z: 2}
  m_Children:
  - {fileID: 414594}
  m_Father: {fileID: 0}
  m_RootOrder: 0
--- !u!23 &2340716
Renderer:
  m_ObjectHideFlags: 1
  m_PrefabParentObject: {fileID: 0}
  m_PrefabInternal: {fileID: 100100000}
  m_GameObject: {fileID: 140716}
  m_Enabled: 1
  m_CastShadows: 0
  m_ReceiveShadows: 0
  m_LightmapIndex: 255
  m_LightmapTilingOffset: {x: 1, y: 1, z: 0, w: 0}
  m_Materials:
  - {fileID: 10302, guid: 0000000000000000f000000000000000, type: 0}
  m_SubsetIndices: 
  m_StaticBatchRoot: {fileID: 0}
  m_UseLightProbes: 0
  m_LightProbeAnchor: {fileID: 0}
  m_ScaleInLightmap: 1
  m_SortingLayerID: 0
  m_SortingOrder: 0
--- !u!33 &3340716
MeshFilter:
  m_ObjectHideFlags: 1
  m_PrefabParentObject: {fileID: 0}
  m_PrefabInternal: {fileID: 100100000}
  m_GameObject: {fileID: 140716}
  m_Mesh: {fileID: 10206, guid: 0000000000000000e000000000000000, type: 0}
--- !u!58 &5814594
CircleCollider2D:
  m_ObjectHideFlags: 1
  m_PrefabParentObject: {fileID: 0}
  m_PrefabInternal: {fileID: 100100000}
  m_GameObject: {fileID: 114594}
  m_Enabled: 0
  m_Material: {fileID: 0}
  m_IsTrigger: 0
  m_Radius: 1.89999998
  m_Center: {x: 0, y: -1.60000002}
--- !u!136 &13640716
CapsuleCollider:
  m_ObjectHideFlags: 1
  m_PrefabParentObject: {fileID: 0}
  m_PrefabInternal: {fileID: 100100000}
  m_GameObject: {fileID: 140716}
  m_Material: {fileID: 0}
  m_IsTrigger: 0
  m_Enabled: 1
  m_Radius: .5
  m_Height: 2
  m_Direction: 1
  m_Center: {x: 0, y: 0, z: 0}
--- !u!208 &20844076
NavMeshObstacle:
  m_ObjectHideFlags: 1
  m_PrefabParentObject: {fileID: 0}
  m_PrefabInternal: {fileID: 100100000}
  m_GameObject: {fileID: 140716}
  m_Enabled: 1
  m_Radius: .5
  m_Height: .5
  m_MoveThreshold: 0
  m_Carve: 0
--- !u!212 &21214594
SpriteRenderer:
  m_ObjectHideFlags: 1
  m_PrefabParentObject: {fileID: 0}
  m_PrefabInternal: {fileID: 100100000}
  m_GameObject: {fileID: 114594}
  m_Enabled: 1
  m_CastShadows: 0
  m_ReceiveShadows: 0
  m_LightmapIndex: 255
  m_LightmapTilingOffset: {x: 1, y: 1, z: 0, w: 0}
  m_Materials:
  - {fileID: 10754, guid: 0000000000000000e000000000000000, type: 0}
  m_SubsetIndices: 
  m_StaticBatchRoot: {fileID: 0}
  m_UseLightProbes: 0
  m_LightProbeAnchor: {fileID: 0}
  m_ScaleInLightmap: 1
  m_SortingLayerID: 0
  m_SortingOrder: 0
  m_Sprite: {fileID: 21300000, guid: b220f066f19425242b5827851af51d4c, type: 3}
  m_Color: {r: 1, g: 1, b: 1, a: 1}
--- !u!1001 &100100000
Prefab:
  m_ObjectHideFlags: 1
  serializedVersion: 2
  m_Modification:
    m_TransformParent: {fileID: 0}
    m_Modifications: []
    m_RemovedComponents: []
  m_ParentPrefab: {fileID: 0}
  m_RootGameObject: {fileID: 140716}
  m_IsPrefabParent: 1
  m_IsExploded: 1
